@Article{rybakov1968,
  author  = {V. I. {Rybakov}},
  title   = {On vector measures},
  journal = {Izv. Vyss. Ucebn. Zaved., Matiematika},
  year    = 1968,
  pages   = {92-101},
  volume  = 79
}

@Article{janicka-kalton1977,
  author  = {L. {Janicka} and N. J. {Kalton}},
  title   = {Vector measures of finite variation},
  journal = {Bull. Acad. Polon. Sci. Sér. Sci. Math. Astronom. Phys.},
  year    = 1977,
  pages   = {239-241},
  volume  = 25
}

@Article{musial1991,
  author  = {K. {Musiał}},
  title   = {Topics in the theory of Pettis integration},
  journal = {Rend. Istit. Mat. Univ. Trieste},
  year    = 1991,
  pages   = {177-262},
  volume  = 23
}

@Book{tao,
 author    = "T. {Tao}",
 title     = "An Introduction to Measure Theory",
 publisher = "American Mathematical Society",
 year      =  2011,
 address   = "Providence, RI",
}

@Book{dudley-1,
 author    = "R. M. {Dudley}",
 title     = "Real Analysis and Probability",
 publisher = "Cambridge UP",
 year      =  2002,
 address   = "Cambridge",
}

@Book{dudley-2,
 author    = "R. M. {Dudley}",
 title     = "Uniform Central Limit Theorems",
 publisher = "Cambridge UP",
 year      =  1999,
 address   = "New York",
}

@Book{schwabik,
 author    = "Š. {Schwabik} and G. {Ye}",
 title     = "Topics in Banach Space Integration",
 publisher = "World Scientific",
 year      =  2005,
 address   = "New Jersey",
}

@Book{diestel-uhl,
 author    = "J. {Diestel} and J. J. {Uhl}",
 title     = "Vector Measures",
 publisher = "American Mathematical Society",
 year      =  1977,
 address   = "Providence, RI",
}

@Book{denkowski-migorski-papageorgiou,
 author    = "Z. {Denkowski} and S. {Migórski} and N. S. {Papageorgiou}",
 title     = "An Introduction to Nonlinear Analysis: Theory",
 publisher = "Springer US",
 year      =  2003,
 address   = "Boston, MA",
}

@Book{dunford-schwartz,
 author    = "N. {Dunford} and J. T. {Schwartz}",
 title     = "Linear Operators: General Theory",
 publisher = "Interscience",
 year      =  1988,
 address   = "New York",
}

@Book{cohn,
 author    = "D. L. {Cohn}",
 title     = "Measure Theory",
 publisher = "Birkhäuser",
 year      =  2013,
 address   = "New York",
}

@Book{bachman,
 author    = "G. {Bachman} and L. {Narici}",
 title     = "Functional Analysis",
 publisher = "Dover Publications",
 year      =  2000,
 address   = "Mineola, N.Y.",
}

@Book{neerven,
 author    = "J. M. A. M. {van Neerven}",
 title     = "Stochastic Evolution Equations",
 publisher = "ISEM Lecture Notes",
 year      =  2008,
}

@Book{ferrando,
 author    = "J. C. {Ferrando} and M. {Lopez Pellicer} and L. M. {Sanchez Ruiz}",
 title     = "Metrizable Barrelled Spaces",
 publisher = "Longman",
 year      =  1995,
 address   = "New York",
}

@Book{ryan,
 author    = "R. A. {Ryan}",
 title     = "Introduction to Tensor Products of Banach Spaces",
 publisher = "Springer-Verlag",
 year      =  2002,
 address   = "London",
}

@Book{dinculeanu,
 author    = "N. {Dinculeanu}",
 title     = "Vector Integration and Stochastic Integration in Banach Spaces",
 publisher = "Wiley",
 year      =  2000,
 address   = "New York",
}

@Book{lang,
 author    = "S. {Lang}",
 title     = "Real and Functional Analysis",
 publisher = "Springer",
 year      =  1993,
 address   = "New York",
}

@Book{pugachev-sinitsyn,
 author    = "V. S. {Pugachev} and I. N. {Sinitsyn}",
 title     = "Lectures on Functional Analysis and Applications",
 publisher = "World Scientific",
 year      =  1999,
 address   = "Singapore",
}

@Book{megginson,
 author    = "R. E. {Megginson}",
 title     = "An Introduction to Banach Space Theory",
 publisher = "Springer",
 year      =  1998,
 address   = "New York",
}